@article{siegel2019cancer,
  title={Cancer statistics, 2019},
  author={Siegel, Rebecca L and Miller, Kimberly D and Jemal, Ahmedin},
  journal={CA: a cancer journal for clinicians},
  volume={69},
  number={1},
  pages={7--34},
  year={2019},
  publisher={Wiley Online Library}
}
@article{klaus2008wnt,
  title={Wnt signalling and its impact on development and cancer},
  author={Klaus, Alexandra and Birchmeier, Walter},
  journal={Nature Reviews Cancer},
  volume={8},
  number={5},
  pages={387},
  year={2008},
  publisher={Nature Publishing Group}
}
@article{shim2015atractylochromene,
  title={Atractylochromene Is a Repressor of Wnt/$\beta$-Catenin Signaling in Colon Cancer Cells},
  author={Shim, Ah-Ram and Dong, Guang-zhi and Lee, Hwa Jin and Ryu, Jae-Ha},
  journal={Biomolecules \& therapeutics},
  volume={23},
  number={1},
  pages={26},
  year={2015},
  publisher={Korean Society of Applied Pharmacology}
}
@article{oh2014green,
  title={Green tea polyphenol EGCG suppresses W nt/$\beta$-catenin signaling by promoting GSK-3$\beta$-and PP2A-independent $\beta$-catenin phosphorylation/degradation},
  author={Oh, Sangtaek and Gwak, Jungsug and Park, Seoyoung and Yang, Chung S},
  journal={Biofactors},
  volume={40},
  number={6},
  pages={586--595},
  year={2014},
  publisher={Wiley Online Library}
}
@article{you2010ptch1,
  title={PTCH1, a receptor of Hedgehog signaling pathway, is correlated with metastatic potential of colorectal cancer},
  author={You, Sihong and Zhou, Jiannong and Chen, Senqing and Zhou, Ping and Lv, Jinghuan and Han, Xiao and Sun, Yujie},
  journal={Upsala journal of medical sciences},
  volume={115},
  number={3},
  pages={169--175},
  year={2010},
  publisher={Taylor \& Francis}
}
@article{xiong2002tgf,
  title={TGF-$\beta$1 expression and angiogenesis in colorectal cancer tissue},
  author={Xiong, Bin and Gong, Ling-Ling and Zhang, Feng and Hu, Ming-Bo and Yuan, Hong-Yin},
  journal={World journal of gastroenterology},
  volume={8},
  number={3},
  pages={496},
  year={2002},
  publisher={Baishideng Publishing Group Inc}
}
@article{rychahou2005targeted,
  title={Targeted RNA interference of PI3K pathway components sensitizes colon cancer cells to TNF-related apoptosis-inducing ligand (TRAIL)},
  author={Rychahou, Piotr G and Murillo, Carlos A and Evers, B Mark},
  journal={Surgery},
  volume={138},
  number={2},
  pages={391--397},
  year={2005},
  publisher={Elsevier}
}
@article{gulmann2009quantitative,
  title={Quantitative cell signalling analysis reveals down-regulation of MAPK pathway activation in colorectal cancer},
  author={Gulmann, Christian and Sheehan, Katherine M and Conroy, Ron{\'a}n M and Wulfkuhle, Julia D and Espina, Virginia and Mullarkey, Michelle J and Kay, Elaine W and Liotta, Lance A and Petricoin Iii, Emanuel F},
  journal={The Journal of Pathology: A Journal of the Pathological Society of Great Britain and Ireland},
  volume={218},
  number={4},
  pages={514--519},
  year={2009},
  publisher={Wiley Online Library}
}
@article{li2015p53,
  title={P53 mutations in colorectal cancer-molecular pathogenesis and pharmacological reactivation},
  author={Li, Xiao-Lan and Zhou, Jianbiao and Chen, Zhi-Rong and Chng, Wee-Joo},
  journal={World journal of gastroenterology: WJG},
  volume={21},
  number={1},
  pages={84},
  year={2015},
  publisher={Baishideng Publishing Group Inc}
}
@article{russo2005tp53,
  title={The TP53 colorectal cancer international collaborative study on the prognostic and predictive significance of p53 mutation: influence of tumor site, type of mutation, and adjuvant treatment},
  author={Russo, Antonio and Bazan, Viviana and Iacopetta, Barry and Kerr, David and Soussi, Thierry and Gebbia, Nicola},
  journal={Journal of clinical oncology},
  volume={23},
  number={30},
  pages={7518--7528},
  year={2005},
  publisher={American Society of Clinical Oncology}
}
@article{cheong2011information,
  title={Information transduction capacity of noisy biochemical signaling networks},
  author={Cheong, Raymond and Rhee, Alex and Wang, Chiaochun Joanne and Nemenman, Ilya and Levchenko, Andre},
  journal={science},
  volume={334},
  number={6054},
  pages={354--358},
  year={2011},
  publisher={American Association for the Advancement of Science}
}
@article{irizarry2003exploration,
  title={Exploration, normalization, and summaries of high density oligonucleotide array probe level data},
  author={Irizarry, Rafael A and Hobbs, Bridget and Collin, Francois and Beazer-Barclay, Yasmin D and Antonellis, Kristen J and Scherf, Uwe and Speed, Terence P},
  journal={Biostatistics},
  volume={4},
  number={2},
  pages={249--264},
  year={2003},
  publisher={Oxford University Press}
}
@article{gautier2004affy,
  title={affy-analysis of Affymetrix GeneChip data at the probe level},
  author={Gautier, Laurent and Cope, Leslie and Bolstad, Benjamin M and Irizarry, Rafael A},
  journal={Bioinformatics},
  volume={20},
  number={3},
  pages={307--315},
  year={2004},
  publisher={Oxford University Press}
}
@article{carlson2016hgu133plus2,
  title={hgu133plus2. db: Affymetrix Human Genome U133 Plus 2.0 Array annotation data (chip hgu133plus2)},
  author={Carlson, Marc and Falcon, S and Pages, H and Li, N},
  journal={R package version},
  volume={3},
  number={3},
  year={2016}
}
@article{ritchie2015limma,
  title={limma powers differential expression analyses for RNA-sequencing and microarray studies},
  author={Ritchie, Matthew E and Phipson, Belinda and Wu, Di and Hu, Yifang and Law, Charity W and Shi, Wei and Smyth, Gordon K},
  journal={Nucleic acids research},
  volume={43},
  number={7},
  pages={e47--e47},
  year={2015},
  publisher={Oxford University Press}
}
@article{smyth2005limma,
  title={LIMMA: linear models for microarray data. In Bioinformatics and Computational Biology Solutions Using R and Bioconductor. Statistics for Biology and Health},
  author={Smyth, Gordon K and Ritchie, Matthew and Thorne, Natalie and Wettenhall, James},
  year={2005},
  publisher={Citeseer}
}
@article{ferreira2007benjamini,
  title={The Benjamini-Hochberg method in the case of discrete test statistics},
  author={Ferreira, Jos{\'e} A},
  journal={The international journal of biostatistics},
  volume={3},
  number={1},
  year={2007},
  publisher={De Gruyter}
}
@article{bindea2009cluego,
  title={ClueGO: a Cytoscape plug-in to decipher functionally grouped gene ontology and pathway annotation networks},
  author={Bindea, Gabriela and Mlecnik, Bernhard and Hackl, Hubert and Charoentong, Pornpimol and Tosolini, Marie and Kirilovsky, Amos and Fridman, Wolf-Herman and Pag{\`e}s, Franck and Trajanoski, Zlatko and Galon, J{\'e}r{\^o}me},
  journal={Bioinformatics},
  volume={25},
  number={8},
  pages={1091--1093},
  year={2009},
  publisher={Oxford University Press}
}
@article{bindea2013cluepedia,
  title={CluePedia Cytoscape plugin: pathway insights using integrated experimental and in silico data},
  author={Bindea, Gabriela and Galon, J{\'e}r{\^o}me and Mlecnik, Bernhard},
  journal={Bioinformatics},
  volume={29},
  number={5},
  pages={661--663},
  year={2013},
  publisher={Oxford University Press}
}
@article{shannon2003cytoscape,
  title={Cytoscape: a software environment for integrated models of biomolecular interaction networks},
  author={Shannon, Paul and Markiel, Andrew and Ozier, Owen and Baliga, Nitin S and Wang, Jonathan T and Ramage, Daniel and Amin, Nada and Schwikowski, Benno and Ideker, Trey},
  journal={Genome research},
  volume={13},
  number={11},
  pages={2498--2504},
  year={2003},
  publisher={Cold Spring Harbor Lab}
}
@article{szklarczyk2014string,
  title={STRING v10: protein--protein interaction networks, integrated over the tree of life},
  author={Szklarczyk, Damian and Franceschini, Andrea and Wyder, Stefan and Forslund, Kristoffer and Heller, Davide and Huerta-Cepas, Jaime and Simonovic, Milan and Roth, Alexander and Santos, Alberto and Tsafou, Kalliopi P and others},
  journal={Nucleic acids research},
  volume={43},
  number={D1},
  pages={D447--D452},
  year={2014},
  publisher={Oxford University Press}
}
@article{nepusz2012detecting,
  title={Detecting overlapping protein complexes in protein-protein interaction networks},
  author={Nepusz, Tam{\'a}s and Yu, Haiyuan and Paccanaro, Alberto},
  journal={Nature methods},
  volume={9},
  number={5},
  pages={471},
  year={2012},
  publisher={Nature Publishing Group}
}
@article{sherman2009systematic,
  title={Systematic and integrative analysis of large gene lists using DAVID bioinformatics resources},
  author={Sherman, Brad T and Lempicki, Richard A and others},
  journal={Nature protocols},
  volume={4},
  number={1},
  pages={44--57},
  year={2009},
  publisher={Nature Publishing Group}
}
@article{jump1999regulation,
  title={Regulation of gene expression by dietary fat},
  author={Jump, Donald B and Clarke, Steven D},
  journal={Annual review of nutrition},
  volume={19},
  number={1},
  pages={63--90},
  year={1999},
  publisher={Annual Reviews 4139 El Camino Way, PO Box 10139, Palo Alto, CA 94303-0139, USA}
}
@article{hoeft2009polymorphisms,
  title={Polymorphisms in fatty acid metabolism-related genes are associated with colorectal cancer risk},
  author={Hoeft, Birgit and Linseisen, Jakob and Beckmann, Lars and M{\"u}ller-Decker, Karin and Canzian, Federico and H{\"u}sing, Anika and Kaaks, Rudolf and Vogel, Ulla and Jakobsen, Marianne U and Overvad, Kim and others},
  journal={Carcinogenesis},
  volume={31},
  number={3},
  pages={466--472},
  year={2009},
  publisher={Oxford University Press}
}
@article{kury2007combinations,
  title={Combinations of cytochrome P450 gene polymorphisms enhancing the risk for sporadic colorectal cancer related to red meat consumption},
  author={K{\"u}ry, S{\'e}bastien and Buecher, Bruno and Robiou-du-Pont, S{\'e}bastien and Scoul, Catherine and S{\'e}bille, V{\'e}ronique and Colman, H{\'e}l{\`e}ne and Le Hou{\'e}rou, Claire and Le Neel, Tanguy and Bourdon, J{\'e}r{\'e}mie and Faroux, Roger and others},
  journal={Cancer Epidemiology and Prevention Biomarkers},
  volume={16},
  number={7},
  pages={1460--1467},
  year={2007},
  publisher={AACR}
}
@article{ozhan2014genetic,
  title={Genetic variations in the xenobiotic-metabolizing enzymes CYP1A1, CYP1A2, CYP2C9, CYP2C19 and susceptibility to colorectal cancer among Turkish people},
  author={{\"O}zhan, G{\"u}l and Mutur, Mine and Ercan, Gulcin and Alpertunga, Buket},
  journal={Genetic testing and molecular biomarkers},
  volume={18},
  number={4},
  pages={223--228},
  year={2014},
  publisher={Mary Ann Liebert, Inc. 140 Huguenot Street, 3rd Floor New Rochelle, NY 10801 USA}
}
@article{wang2019function,
  title={Function and dysfunction of plasma cells in intestine},
  author={Wang, Xue and Hao, Gui-liang and Wang, Bo-ya and Gao, Chen-chen and Wang, Yue-xiu and Li, Li-sheng and Xu, Jing-dong},
  journal={Cell \& bioscience},
  volume={9},
  number={1},
  pages={26},
  year={2019},
  publisher={BioMed Central}
}
@article{le2008high,
  title={High prevalence of Foxp3 and IL17 in MMR-proficient colorectal carcinomas},
  author={Le Gouvello, Sabine and Bastuji-Garin, Sylvie and Aloulou, Nijez and Mansour, Hicham and Chaumette, Marie-Th{\'e}r{\`e}se and Berrehar, Fran{\c{c}}ois and Seikour, Amal and Charachon, Antoine and Karoui, Mehdi and Leroy, Karen and others},
  journal={Gut},
  volume={57},
  number={6},
  pages={772--779},
  year={2008},
  publisher={BMJ Publishing Group}
}
@article{tosolini2011clinical,
  title={Clinical impact of different classes of infiltrating T cytotoxic and helper cells (Th1, th2, treg, th17) in patients with colorectal cancer},
  author={Tosolini, Marie and Kirilovsky, Amos and Mlecnik, Bernhard and Fredriksen, Tessa and Mauger, St{\'e}phanie and Bindea, Gabriela and Berger, Anne and Bruneval, Patrick and Fridman, Wolf-Herman and Pag{\`e}s, Franck and others},
  journal={Cancer research},
  volume={71},
  number={4},
  pages={1263--1271},
  year={2011},
  publisher={AACR}
}
@article{trost2005important,
  title={Important cutaneous manifestations of inflammatory bowel disease},
  author={Trost, LB and McDonnell, JK},
  journal={Postgraduate medical journal},
  volume={81},
  number={959},
  pages={580--585},
  year={2005},
  publisher={The Fellowship of Postgraduate Medicine}
}
@article{chung2003serum,
  title={Serum interleukin-6 levels reflect the disease status of colorectal cancer},
  author={Chung, Yuan-Chang and Chang, Ya-Fen},
  journal={Journal of surgical oncology},
  volume={83},
  number={4},
  pages={222--226},
  year={2003},
  publisher={Wiley Online Library}
}
@article{itatani2016role,
  title={The role of chemokines in promoting colorectal cancer invasion/metastasis},
  author={Itatani, Yoshiro and Kawada, Kenji and Inamoto, Susumu and Yamamoto, Takamasa and Ogawa, Ryotaro and Taketo, Makoto and Sakai, Yoshiharu},
  journal={International journal of molecular sciences},
  volume={17},
  number={5},
  pages={643},
  year={2016},
  publisher={Multidisciplinary Digital Publishing Institute}
}
@article{suzuki2011recent,
  title={Recent advances in p53 research and cancer treatment},
  author={Suzuki, Kazufumi and Matsubara, Hisahiro},
  journal={BioMed Research International},
  volume={2011},
  year={2011},
  publisher={Hindawi Publishing Corporation}
}
@article{achanta2005novel,
  title={Novel role of p53 in maintaining mitochondrial genetic stability through interaction with DNA Pol $\gamma$},
  author={Achanta, Geetha and Sasaki, Ryohei and Feng, Li and Carew, Jennifer S and Lu, Weiqin and Pelicano, Helene and Keating, Michael J and Huang, Peng},
  journal={The EMBO journal},
  volume={24},
  number={19},
  pages={3482--3492},
  year={2005},
  publisher={John Wiley \& Sons, Ltd}
}
@article{liu2004chromosome,
  title={Chromosome stability, in the absence of apoptosis, is critical for suppression of tumorigenesis in Trp53 mutant mice},
  author={Liu, Geng and Parant, John M and Lang, Gene and Chau, Patty and Chavez-Reyes, Arturo and El-Naggar, Adel K and Multani, Asha and Chang, Sandy and Lozano, Guillermina},
  journal={Nature genetics},
  volume={36},
  number={1},
  pages={63},
  year={2004},
  publisher={Nature Publishing Group}
}
@article{iglesias2012maintenance,
  title={The maintenance of mitochondrial genetic stability is crucial during the oncogenic process},
  author={Iglesias, Pablo and Salas, Antonio and Costoya, Jose A},
  journal={Communicative \& integrative biology},
  volume={5},
  number={1},
  pages={34--38},
  year={2012},
  publisher={Taylor \& Francis}
}
@article{zhong2001regulator,
  title={Regulator of G protein signaling proteins: novel multifunctional drug targets},
  author={Zhong, Huailing and Neubig, Richard R},
  journal={Journal of Pharmacology and Experimental Therapeutics},
  volume={297},
  number={3},
  pages={837--845},
  year={2001},
  publisher={ASPET}
}
@article{maddika2007cell,
  title={Cell survival, cell death and cell cycle pathways are interconnected: implications for cancer therapy},
  author={Maddika, Subbareddy and Ande, Sudharsana Rao and Panigrahi, Soumya and Paranjothy, Ted and Weglarczyk, Kazimierz and Zuse, Anne and Eshraghi, Mehdi and Manda, Kamala D and Wiechec, Emilia and Los, Marek},
  journal={Drug Resistance Updates},
  volume={10},
  number={1-2},
  pages={13--29},
  year={2007},
  publisher={Elsevier}
}
@article{chang2003involvement,
  title={Involvement of PI3K/Akt pathway in cell cycle progression, apoptosis, and neoplastic transformation: a target for cancer chemotherapy},
  author={Chang, Fumin and Lee, JT and Navolanic, PM and Steelman, LS and Shelton, JG and Blalock, WL and Franklin, RA and McCubrey, JA},
  journal={Leukemia},
  volume={17},
  number={3},
  pages={590},
  year={2003},
  publisher={Nature Publishing Group}
}